@misc{jobted2024,
  author = {Jobted},
  title = {¿Cuánto cobra un ingeniero biomédico? (Sueldo 2024)},
  year = {2024},
  note = {Disponible en: \url{https://www.jobted.es/salario/ingeniero-biom%C3%A9dico} [Último acceso: mayo de 2025]}
}

@misc{seguridadsocial2023,
  author = {Seguridad Social},
  title = {Bases y tipos de cotización 2023},
  year = {2023},
  note = {Disponible en: \url{https://www.seg-social.es/wps/portal/wss/internet/Trabajadores/CotizacionRecaudacionTrabajadores/36537} [Último acceso: mayo de 2025]}
}
@misc{revitcost,
  author = {Autodesk},
  title = {Comprar Revit 2025 – Licencia comercial},
  year = {2025},
  note = {Disponible en: \url{https://www.autodesk.es/products/revit/subscribe} [Último acceso: mayo de 2025]}
}
@misc{lopdgdd2018,
  author = {Gobierno de España},
  title = {Ley Orgánica 3/2018, de Protección de Datos Personales y garantía de los derechos digitales (LOPDGDD)},
  year = {2018},
  note = {Disponible en: \url{https://www.boe.es/buscar/act.php?id=BOE-A-2018-16673} [Último acceso: mayo de 2025]}
}

@misc{rgpd2016,
  author = {Parlamento Europeo y Consejo de la Unión Europea},
  title = {Reglamento (UE) 2016/679 del Parlamento Europeo y del Consejo, relativo a la protección de las personas físicas (RGPD)},
  year = {2016},
  note = {Disponible en: \url{https://eur-lex.europa.eu/eli/reg/2016/679/oj} [Último acceso: mayo de 2025]}
}
