@article{grieves2017dt,
  author    = {Michael Grieves and John Vickers},
  title     = {Digital Twin: Mitigating Unpredictable, Undesirable Emergent Behavior in Complex Systems},
  journal   = {Transdisciplinary Perspectives on Complex Systems},
  year      = {2017},
  pages     = {85--113},
  publisher = {Springer}
}

@article{tao2019dt,
  author    = {Fei Tao and Qinglin Qi and Ang Liu and A.Y.C. Nee},
  title     = {Digital Twins and Cyber–Physical Systems toward Smart Manufacturing and Industry 4.0: Correlation and Comparison},
  journal   = {Engineering},
  volume    = {5},
  number    = {4},
  year      = {2019},
  pages     = {653--661},
  publisher = {Elsevier}
}
@misc{ibmIndustry4,
  author    = {IBM Corporation},
  title     = {¿Qué es la Industria 4.0?},
  year      = {2025},
  note      = {Disponible en: \url{https://www.ibm.com/es-es/topics/industry-4-0} [Último acceso: mayo de 2025]}
}

@misc{buildingsmart2020,
  author    = {buildingSMART International},
  title     = {What is openBIM?},
  year      = {2025},
  note      = {Disponible en: \url{https://www.buildingsmart.org/about/openbim/} [Último acceso: mayo de 2025]}
}


@article{fuller2020review,
  author    = {Aidan Fuller and Zhenhua Fan and Charles Day and Chris Barlow},
  title     = {Digital Twin: Enabling Technologies, Challenges and Open Research},
  journal   = {IEEE Access},
  volume    = {8},
  pages     = {108952--108971},
  year      = {2020},
  publisher = {IEEE}
}

@article{gabor2022,
  author    = {Tamás Gábor and Máté Szabó and János Abonyi},
  title     = {Digital twin-based scheduling and anomaly detection in flexible manufacturing systems},
  journal   = {Journal of Manufacturing Systems},
  volume    = {62},
  pages     = {746--759},
  year      = {2022},
  publisher = {Elsevier}
}

@inproceedings{vishnoi2021smarticu,
  author    = {Priyanka Vishnoi and Ajay Yadav and Deepak Sharma},
  title     = {Smart ICU Monitoring using IoT and Digital Twins},
  booktitle = {2021 International Conference on Computational Intelligence and Knowledge Economy (ICCIKE)},
  pages     = {459--463},
  year      = {2021},
  organization = {IEEE}
}

@misc{ibm2020healthdt,
  author    = {IBM},
  title     = {What is a digital twin?},
  year      = {2021},
  note      = {Disponible en: \url{https://www.ibm.com/think/topics/what-is-a-digital-twin} [Último acceso: mayo de 2025]}
}


@misc{who2009air,
  author    = {World Health Organization},
  title     = {Natural ventilation for infection control in health-care settings},
  year      = {2009},
  publisher = {WHO Press},
  note      = {Disponible en: \url{https://www.who.int/publications/i/item/9789241547857} [Último acceso: mayo de 2025]}
}
@misc{ashrae170,
  author    = {ASHRAE},
  title     = {ANSI/ASHRAE/ASHE Standard 170-2021: Ventilation of Health Care Facilities},
  year      = {2021},
  note      = {Disponible en: \url{https://www.techstreet.com/ashrae/standards/ashrae-170-2021?product_id=2204905} [Último acceso: mayo de 2025]}
}

@misc{ashrae2019hvac,
  author    = {ASHRAE},
  title     = {ANSI/ASHRAE/ASHE Standard 170-2017: Ventilation of Health Care Facilities},
  year      = {2019},
  note      = {Disponible en: \url{https://www.ashrae.org/technical-resources/bookstore/health-care-facilities} [Último acceso: mayo de 2025]}
}

@article{atzori2010internet,
  author    = {Luigi Atzori and Antonio Iera and Giacomo Morabito},
  title     = {The Internet of Things: A survey},
  journal   = {Computer Networks},
  volume    = {54},
  number    = {15},
  pages     = {2787--2805},
  year      = {2010},
  publisher = {Elsevier}
}

@misc{mqttspec,
  author    = {OASIS},
  title     = {MQTT Version 3.1.1},
  year      = {2014},
  note      = {Disponible en: \url{https://docs.oasis-open.org/mqtt/mqtt/v3.1.1/os/mqtt-v3.1.1-os.html} [Último acceso: mayo de 2025]}
}
@article{opcuaoverview,
  author    = {Wolfgang Mahnke and Stefan-Helmut Leitner and Matthias Damm},
  title     = {OPC Unified Architecture},
  journal   = {Springer},
  year      = {2009},
  note      = {DOI: 10.1007/978-3-540-68899-0}
}

@article{tlsiot2020,
  author    = {Mohammad Farhadi and Abbas Ghaemi Bafghi and Mojtaba Mahdavi and Ahmad Khonsari},
  title     = {Security challenges in IoT: A comprehensive study of threats and defense mechanisms},
  journal   = {IEEE Internet of Things Journal},
  volume    = {7},
  number    = {10},
  pages     = {10283--10304},
  year      = {2020},
  doi       = {10.1109/JIOT.2020.2996420}
}

@article{mqttvsopcua,
  author    = {Mehmet Aydin and Armin Veit and Torsten Schröder},
  title     = {Performance Evaluation of MQTT and OPC UA in Smart Manufacturing Environments},
  journal   = {Procedia CIRP},
  volume    = {99},
  pages     = {25--30},
  year      = {2021},
  doi       = {10.1016/j.procir.2021.03.005}
}
@misc{coap2014,
  author    = {Zach Shelby and Klaus Hartke and Carsten Bormann},
  title     = {The Constrained Application Protocol (CoAP)},
  year      = {2014},
  howpublished = {RFC 7252, IETF},
  note      = {Disponible en: \url{https://datatracker.ietf.org/doc/html/rfc7252} [Último acceso: mayo de 2025]}
}

@article{codd1970relational,
  author    = {E. F. Codd},
  title     = {A Relational Model of Data for Large Shared Data Banks},
  journal   = {Communications of the ACM},
  volume    = {13},
  number    = {6},
  pages     = {377--387},
  year      = {1970},
  publisher = {ACM}
}

@misc{mysqlrefmanual,
  author    = {Oracle Corporation},
  title     = {MySQL 8.0 Reference Manual},
  year      = {2023},
  note      = {Disponible en: \url{https://dev.mysql.com/doc/refman/8.0/en/} [Último acceso: mayo de 2025]}
}

@book{eastman2011bim,
  author    = {Chuck Eastman and Paul Teicholz and Rafael Sacks and Kathleen Liston},
  title     = {BIM Handbook: A Guide to Building Information Modeling for Owners, Managers, Designers, Engineers and Contractors},
  publisher = {Wiley},
  edition   = {2},
  year      = {2011}
}

@book{kymmell2008bim,
  author    = {Willem Kymmell},
  title     = {Building Information Modeling: Planning and Managing Construction Projects with 4D CAD and Simulations},
  publisher = {McGraw-Hill Professional},
  year      = {2008}
}
@article{gubbi2013iot,
  author    = {Jayavardhana Gubbi and Rajkumar Buyya and Slaven Marusic and Marimuthu Palaniswami},
  title     = {Internet of Things (IoT): A vision, architectural elements, and future directions},
  journal   = {Future Generation Computer Systems},
  volume    = {29},
  number    = {7},
  pages     = {1645--1660},
  year      = {2013},
  doi       = {10.1016/j.future.2013.01.010}
}

@article{atzori2010internet,
  author    = {Luigi Atzori and Antonio Iera and Giacomo Morabito},
  title     = {The Internet of Things: A survey},
  journal   = {Computer Networks},
  volume    = {54},
  number    = {15},
  pages     = {2787--2805},
  year      = {2010},
  publisher = {Elsevier}
}

@article{zanella2014internet,
  author    = {Andrea Zanella and Nicola Bui and Angelo Castellani and Lorenzo Vangelista and Michele Zorzi},
  title     = {Internet of Things for Smart Cities},
  journal   = {IEEE Internet of Things Journal},
  volume    = {1},
  number    = {1},
  pages     = {22--32},
  year      = {2014},
  publisher = {IEEE}
}
@article{nist2018ble,
  author    = {{NIST}},
  title     = {Development and Evaluation of Bluetooth Low‑Energy Device for Short‑Range Communication},
  journal   = {NIST Journal of Research},
  volume    = {126},
  year      = {2018},
  url       = {https://nvlpubs.nist.gov/nistpubs/jres/126/jres.126.043.pdf}
}
@misc{digi2025zigbee,
  author       = {{Digi International}},
  title        = {What is Zigbee? Learn About Zigbee Wireless Mesh Technology},
  year         = {2025},
  howpublished = {Sitio web de Digi International},
  note         = {Protocolo de baja potencia, redes malladas y adecuado para IoT},
  url          = {https://www.digi.com/solutions/by-technology/zigbee-wireless-standard}
}

@article{reolink2024zigbeerange,
  author    = {{Reolink}},
  title     = {Zigbee Range: You Must Know The Truth},
  journal   = {Blog de Reolink},
  year      = {2024},
  url       = {https://reolink.com/blog/zigbee-range/}
}
@article{vergesense2022wired,
  author    = {{VergeSense}},
  title     = {Wired vs. Wireless Sensor Systems: Advantages and Disadvantages},
  journal   = {VergeSense Insights Blog},
  year      = {2022},
  url       = {https://www.vergesense.com/resources/blog/wired-vs-wireless-sensors/}
}

@article{taoglas2024ethernet,
  author    = {{Taoglas}},
  title     = {The Role of Ethernet in IoT: Connecting Devices for a Smarter World},
  journal   = {Taoglas Blog},
  year      = {2024},
  url       = {https://www.taoglas.com/blogs/the-role-of-ethernet-in-iot-connecting-devices-for-a-smarter-world/}
}
@article{obiri2025lorawanindoor,
  author    = {Nahshon Mokua Obiri and Kristof Van Laerhoven},
  title     = {A Comprehensive Data Description for LoRaWAN Path Loss Measurements in an Indoor Office Setting: Effects of Environmental Factors},
  journal   = {arXiv preprint},
  volume    = {abs/2505.06375},
  year      = {2025}
}

@misc{cisco2021wifi6,
  author    = {Cisco Systems},
  title     = {Wi-Fi 6/6E Solutions},
  year      = {2023},
  note      = {Disponible en: \url{https://www.cisco.com/c/en_in/solutions/enterprise-networks/802-11ax-solution/index.html} [Último acceso: mayo de 2025]}
}

@article{farooq2015iotsecurity,
  author    = {Muhammad U. Farooq and Muhammad Waseem and Anjum Khairi and Sadia Mazhar},
  title     = {A Critical Analysis on the Security Concerns of Internet of Things (IoT)},
  journal   = {International Journal of Computer Applications},
  volume    = {111},
  number    = {7},
  year      = {2015},
  pages     = {1--6}
}

@book{bass2012softwarearchitecture,
  author    = {Len Bass and Paul Clements and Rick Kazman},
  title     = {Software Architecture in Practice},
  edition   = {3rd},
  publisher = {Addison-Wesley},
  year      = {2012}
}

@misc{richards2022bimexecution,
  author    = {Chuck Richards},
  title     = {BIM Execution Planning Guide for Facility Owners},
  year      = {2022},
  institution = {buildingSMART Alliance},
  note      = {Disponible en: \url{https://bim.psu.edu/} [Último acceso: mayo de 2025]}
}

@inproceedings{vishnoi2021smarticu,
  author    = {Priyanka Vishnoi and Ajay Yadav and Deepak Sharma},
  title     = {Smart ICU Monitoring using IoT and Digital Twins},
  booktitle = {2021 International Conference on Computational Intelligence and Knowledge Economy (ICCIKE)},
  pages     = {459--463},
  year      = {2021},
  organization = {IEEE}
}
@article{Laamarti2020,
  author    = {Fayçal Laamarti and Moulay A. Cheikh and Mounir Amine and others},
  title     = {A Review of Digital Twin in Healthcare},
  journal   = {Biomedical Engineering Advances},
  volume    = {1},
  pages     = {100005},
  year      = {2020},
  doi       = {10.1016/j.bea.2020.100005}
}

@misc{SPHERE2020,
  author       = {SPHERE Project},
  title        = {Digital Twin for Healthcare Facilities},
  howpublished = {\url{https://sphere-project.eu}},
  year         = {2020},
  note         = {Consultado el 2 de mayo de 2025}
}


@article{ma2020bim,
  author    = {Zhen Ma and Kaiyu Guo and Xinhui Zhang and Jie Deng},
  title     = {BIM-Based Smart Monitoring System for Building Indoor Environment and Energy Performance},
  journal   = {Sustainability},
  volume    = {12},
  number    = {11},
  pages     = {4626},
  year      = {2020},
  doi       = {10.3390/su12114626}
}

@misc{bim4hospitals,
  author    = {European Commission},
  title     = {BIM4Hospitals Project – Towards Smart Hospital Management through BIM},
  year      = {2021},
  note      = {Disponible en: \url{https://cordis.europa.eu/project/id/101015686} [Último acceso: mayo de 2025]}
}

@misc{idom2024burgas,
  author    = {IDOM},
  title     = {Digital Twin of a Children's Hospital in Burgas},
  year      = {2024},
  howpublished = {Sitio web de IDOM},
  note      = {Disponible en: \url{https://www.idom.com/en/project/digital-twin-of-a-childrens-hospital-in-burgas/} [Último acceso: junio de 2025]},
}

@misc{revit2025,
  author    = {Autodesk},
  title     = {Autodesk Revit 2025 - BIM Design Software},
  year      = {2025},
  note      = {Disponible en: \url{https://www.autodesk.com/products/revit/overview} [Último acceso: mayo de 2025]}
}

@misc{dynamo,
  author    = {Autodesk},
  title     = {Dynamo for Revit - Visual Programming for BIM},
  year      = {2025},
  note      = {Disponible en: \url{https://dynamobim.org} [Último acceso: mayo de 2025]}
}

@misc{mysqlworkbench,
  author    = {Oracle Corporation},
  title     = {MySQL Workbench - Database Design Tool},
  year      = {2024},
  note      = {Disponible en: \url{https://dev.mysql.com/downloads/workbench/} [Último acceso: mayo de 2025]}
}

@misc{python,
  author    = {Python Software Foundation},
  title     = {Python 3 Documentation},
  year      = {2025},
  note      = {Disponible en: \url{https://www.python.org/doc/} [Último acceso: mayo de 2025]}
}

@misc{vscode,
  author    = {Microsoft},
  title     = {Visual Studio Code - Code Editing Redefined},
  year      = {2025},
  note      = {Disponible en: \url{https://code.visualstudio.com} [Último acceso: mayo de 2025]}
}

@misc{xampp,
  author    = {Apache Friends},
  title     = {XAMPP - Apache + MariaDB + PHP + Perl},
  year      = {2025},
  note      = {Disponible en: \url{https://www.apachefriends.org} [Último acceso: mayo de 2025]}
}

@misc{github,
  author    = {GitHub},
  title     = {GitHub - Collaborative code development platform},
  year      = {2025},
  note      = {Disponible en: \url{https://github.com} [Último acceso: mayo de 2025]}
}

@misc{githubdesktop,
  author    = {GitHub},
  title     = {GitHub Desktop},
  year      = {2025},
  note      = {Disponible en: \url{https://desktop.github.com} [Último acceso: mayo de 2025]}
}

@misc{chatgpt,
  author    = {OpenAI},
  title     = {ChatGPT – AI language model for coding and learning},
  year      = {2025},
  note      = {Disponible en: \url{https://chat.openai.com} [Último acceso: mayo de 2025]}
}
@misc{python,
  author    = {Python Software Foundation},
  title     = {Python 3 Documentation},
  year      = {2025},
  note      = {Disponible en: \url{https://www.python.org/doc/} [Último acceso: mayo de 2025]}
}

@misc{mysqlworkbench,
  author    = {Oracle Corporation},
  title     = {MySQL Workbench - Database Design Tool},
  year      = {2024},
  note      = {Disponible en: \url{https://dev.mysql.com/downloads/workbench/} [Último acceso: mayo de 2025]}
}

@misc{dynamo,
  author    = {Autodesk},
  title     = {Dynamo for Revit - Visual Programming for BIM},
  year      = {2025},
  note      = {Disponible en: \url{https://dynamobim.org} [Último acceso: mayo de 2025]}
}
@article{gubbi2013iot,
  author    = {Jayavardhana Gubbi and Rajkumar Buyya and Slaven Marusic and Marimuthu Palaniswami},
  title     = {Internet of Things (IoT): A vision, architectural elements, and future directions},
  journal   = {Future Generation Computer Systems},
  volume    = {29},
  number    = {7},
  pages     = {1645--1660},
  year      = {2013},
  doi       = {10.1016/j.future.2013.01.010}
}

@misc{mqttspec,
  author    = {OASIS},
  title     = {MQTT Version 3.1.1 Specification},
  year      = {2014},
  note      = {Disponible en: \url{https://docs.oasis-open.org/mqtt/mqtt/v3.1.1/os/mqtt-v3.1.1-os.html} [Último acceso: mayo de 2025]}
}

@article{ats2010survey,
  author    = {Antonio J. Jara and Latif Ladid and Antonio Skarmeta},
  title     = {The Internet of Things: A survey of technologies, protocols, and applications},
  journal   = {Computer Networks},
  volume    = {54},
  number    = {15},
  pages     = {2787--2805},
  year      = {2010}
}
@article{gubbi2013iot,
  author    = {Jayavardhana Gubbi and Rajkumar Buyya and Slaven Marusic and Marimuthu Palaniswami},
  title     = {Internet of Things (IoT): A vision, architectural elements, and future directions},
  journal   = {Future Generation Computer Systems},
  volume    = {29},
  number    = {7},
  pages     = {1645--1660},
  year      = {2013},
  doi       = {10.1016/j.future.2013.01.010}
}

@misc{mqttspec,
  author    = {OASIS},
  title     = {MQTT Version 3.1.1 Specification},
  year      = {2014},
  note      = {Disponible en: \url{https://docs.oasis-open.org/mqtt/mqtt/v3.1.1/os/mqtt-v3.1.1-os.html} [Último acceso: mayo de 2025]}
}

@book{eastman2011bim,
  author    = {Chuck Eastman and Paul Teicholz and Rafael Sacks and Kathleen Liston},
  title     = {BIM Handbook: A Guide to Building Information Modeling for Owners, Managers, Designers, Engineers and Contractors},
  publisher = {Wiley},
  edition   = {2},
  year      = {2011}
}

@misc{mysqlworkbench,
  author    = {Oracle Corporation},
  title     = {MySQL Workbench - Database Design Tool},
  year      = {2024},
  note      = {Disponible en: \url{https://dev.mysql.com/downloads/workbench/} [Último acceso: mayo de 2025]}
}

@misc{python,
  author    = {Python Software Foundation},
  title     = {Python 3 Documentation},
  year      = {2025},
  note      = {Disponible en: \url{https://www.python.org/doc/} [Último acceso: mayo de 2025]}
}

@book{bass2012softwarearchitecture,
  author    = {Len Bass and Paul Clements and Rick Kazman},
  title     = {Software Architecture in Practice},
  edition   = {3rd},
  publisher = {Addison-Wesley},
  year      = {2012}
}
@misc{iso27001,
  author    = {International Organization for Standardization},
  title     = {ISO/IEC 27001:2022 – Information security, cybersecurity and privacy protection},
  year      = {2022},
  note      = {Disponible en: \url{https://www.iso.org/standard/27001} [Último acceso: mayo de 2025]}
}

@misc{rgpd,
  author    = {Parlamento Europeo y Consejo de la Unión Europea},
  title     = {Reglamento General de Protección de Datos (RGPD) - Reglamento (UE) 2016/679},
  year      = {2016},
  note      = {Disponible en: \url{https://eur-lex.europa.eu/eli/reg/2016/679/oj} [Último acceso: mayo de 2025]}
}
@manual{TridiumJACE9000,
  title        = {JACE 9000 Controller},
  author       = {{Tridium Inc.}},
  organization = {Tridium Inc.},
  address      = {Richmond, VA, USA},
  year         = {2025},
  note         = {Embedded IoT controller optimized for Niagara 4; proporciona control, supervisión, registro de datos, alarmas, planificación y servidor web.},
  url          = {https://www.tridium.com},
}

